@Article{BFS99,
  author =	 {Jonathan F. Buss and Gudmund S. Frandsen and Jeffrey
                  O. Shallit},
  title =	 {The Computational Complexity of Some Problems of
                  Linear Algebra},
  journaltitle = {Journal of Computer and System Sciences},
  date =	 {1999-06},
  volume =	 58,
  number =	 3,
  pages =	 {572--596},
  issn =	 {0022-0000},
  doi =		 {10.1006/jcss.1998.1608},
  url =
                  {http://www.sciencedirect.com/science/article/pii/S0022000098916087}
}

@InCollection{CKPS00,
  year =	 2000,
  isbn =	 {978-3-540-67517-4},
  booktitle =	 {Advances in Cryptology --- EUROCRYPT '00},
  volume =	 1807,
  series =	 {Lecture Notes in Computer Science},
  editor =	 {Bart Preneel},
  doi =		 {10.1007/3-540-45539-6_27},
  title =	 {Efficient Algorithms for Solving Overdefined Systems
                  of Multivariate Polynomial Equations},
  url =		 {http://dx.doi.org/10.1007/3-540-45539-6_27},
  publisher =	 {Springer},
  author =	 {Nicolas Courtois and Alexander Klimov and Jacques
                  Patarin and Adi Shamir},
  pages =	 {392-407}
}

@Book{CLO15,
  author =	 {David A. Cox and John Little and Donal O'Shea},
  title =	 {Ideals, Varieties, and Algorithms},
  year =	 2015,
  edition =	 4,
  series =	 {Undergraduate Texts in Mathematics},
  publisher =	 {Springer},
  isbn =	 {978-3-319-16721-3},
  doi =		 {10.1007/978-3-319-16721-3}
}

@InProceedings{Cou01,
  author =	 {Nicolas T. Courtois},
  title =	 {Efficient Zero-Knowledge Authentication Based on a
                  Linear Algebra Problem MinRank},
  year =	 2001,
  booktitle =	 {Advances in Cryptology --- {ASIACRYPT} '01},
  volume =	 2248,
  series =	 {Lecture Notes in Computer Science},
  publisher =	 {Springer},
  pages =	 {402--421},
  doi =		 {10.1007/3-540-45682-1_24},
  url =		 {https://eprint.iacr.org/2001/058}
}

@InCollection{FLP08,
  author =	 {Jean-Charles Faugère and Françoise Levy-dit-Vehel
                  and Ludovic Perret},
  title =	 {Cryptanalysis of {MinRank}},
  year =	 2008,
  booktitle =	 {Advances in Cryptology -- CRYPTO '08},
  editor =	 {David Wagner},
  volume =	 5157,
  series =	 {Lecture Notes in Computer Science},
  publisher =	 {Springer},
  isbn =	 {978-3-540-85173-8},
  pages =	 {280--296},
  doi =		 {10.1007/978-3-540-85174-5_16}
}

@InProceedings{GC00,
  author =	 {Louis Goubin and Nicolas T. Courtois},
  title =	 {Cryptanalysis of the {TTM} Cryptosystem},
  year =	 2000,
  booktitle =	 {Advances in Cryptology --- {ASIACRYPT} '00},
  editor =	 {Tatsuaki Okamoto},
  volume =	 1976,
  series =	 {Lecture Notes in Computer Science},
  publisher =	 {Springer},
  isbn =	 {978-3-540-41404-9},
  pages =	 {44--57},
  doi =		 {10.1007/3-540-44448-3_4},
  url =
                  {http://link.springer.com/chapter/10.1007/3-540-44448-3_4}
}

@InProceedings{KS99,
  author =	 {Aviad Kipnis and Avi Shamir},
  title =	 {Cryptanalysis of the {HFE} Public Key System by
                  Relinearization},
  year =	 1999,
  booktitle =	 {Advances in Cryptology --- {CRYPTO} '99},
  editor =	 {Michael Wiener},
  volume =	 1666,
  series =	 {Lecture Notes in Computer Science},
  publisher =	 {Springer},
  isbn =	 {978-3-540-66347-8},
  pages =	 {19--30},
  doi =		 {10.1007/3-540-48405-1_2},
  url =
                  {http://link.springer.com/chapter/10.1007/3-540-48405-1_2}
}

@Article{Moh99,
  author =	 {Tzuong-Tsieng Moh},
  title =	 {A Public Key System With Signature and Master Key
                  Function},
  journaltitle = {Communications in Algebra},
  year =	 1999,
  volume =	 27,
  issue =	 5,
  pages =	 {2207--2222},
  issn =	 {1532-4125},
  doi =		 {10.1080/00927879908826559},
  url =
                  {http://www.tandfonline.com/doi/abs/10.1080/00927879908826559}
}

@InProceedings{Pat96,
  author =	 {Jacques Patarin},
  title =	 {Hidden Fields Equations ({HFE}) and Isomorphisms of
                  Polynomials ({IP}): Two New Families of Asymmetric
                  Algorithms},
  year =	 1996,
  booktitle =	 {Advances in Cryptology --- {EUROCRYPT} '96},
  editor =	 {Ueli Maurer},
  volume =	 1070,
  series =	 {Lecture Notes in Computer Science},
  publisher =	 {Springer},
  isbn =	 {978-3-540-61186-8},
  pages =	 {33--48},
  doi =		 {10.1007/3-540-68339-9_4},
  url =
                  {http://link.springer.com/chapter/10.1007/3-540-68339-9_4}
}

@Manual{Sag15,
  author =	 {{SageMath Developers, The}},
  title =	 {{Sage Mathematics Software (Version 6.10)}},
  date =	 {2015-12-18},
  key =		 {{SageMath}},
  url =		 {http://www.sagemath.org/}
}

@InProceedings{Sho94,
  author =	 {Peter W. Shor},
  title =	 {Algorithms for Quantum Computation: Discrete
                  Logarithms and Factoring},
  booktitle =	 {Proceedings of the 35th Annual Symposium on
                  Foundations of Computer Science},
  series =	 {SFCS '94},
  year =	 1994,
  isbn =	 {0-8186-6580-7},
  pages =	 {124--134},
  numpages =	 11,
  url =		 {http://dx.doi.org/10.1109/SFCS.1994.365700},
  doi =		 {10.1109/SFCS.1994.365700},
  acmid =	 1399018,
  publisher =	 {IEEE Computer Society},
  address =	 {Washington, DC, USA}
}
